<?xml version="1.0" encoding="UTF-8"?><collection xmlns="http://www.loc.gov/MARC21/slim"><record><leader>00613nam--2200193-i-4500</leader><controlfield tag="001">000013952</controlfield><controlfield tag="002">20161230</controlfield><controlfield tag="005">20161230201030</controlfield><controlfield tag="008">060222s1000------------r-----000-0-eng-d</controlfield><datafield ind1=" " ind2=" " tag="020"><subfield code="a">0805313028</subfield></datafield><datafield ind1=" " ind2=" " tag="040"><subfield code="a">IFIN-HH</subfield></datafield><datafield ind1=" " ind2=" " tag="080"><subfield code="a">539.172.17:539.171.6</subfield></datafield><datafield ind1="1" ind2=" " tag="100"><subfield code="a">Broglia, Ricardo A</subfield></datafield><datafield ind1="1" ind2="0" tag="245"><subfield code="a">Heavy ion reactions</subfield><subfield code="b">Lecture notes vol.1: elastic and inelastic reactions</subfield><subfield code="c">Ricardo a. broglia, aage winter</subfield></datafield><datafield ind1=" " ind2=" " tag="260"><subfield code="a">Reading, Massachusetts</subfield><subfield code="b">The Benjamin/Cummings Publishing Company, Inc</subfield><subfield code="c">1981</subfield></datafield><datafield ind1=" " ind2=" " tag="300"><subfield code="a">XVI + 291 P</subfield></datafield><datafield ind1="1" ind2=" " tag="700"><subfield code="a">Winther, Aage</subfield></datafield><datafield ind1=" " ind2=" " tag="852"><subfield code="a">49359</subfield><subfield code="c">539.17</subfield></datafield><datafield ind1=" " ind2=" " tag="CAT"><subfield code="a">Sys</subfield><subfield code="c">20120621</subfield><subfield code="h">093429</subfield></datafield></record></collection>